@article{ferrer2019,
  author  = {Ferrer-Urbina, R. and Karmelic-Pavlov, V. and Beck-Fernández, H. and Pinto, R. V.},
  title   = {Un modelo predictivo de fracaso/éxito académico a partir de indicadores de ingreso, en estudiantes de una Universidad Estatal del Norte de Chile},
  journal = {Interciencia},
  volume  = {44},
  number  = {1},
  pages   = {23-29},
  year    = {2019}
}

@article{echavarria2022,
  author  = {Echavarría, C. L. and Riveiro, J. G. Z.},
  title   = {Validación prospectiva de un modelo predictivo de ingreso y orientar la seguridad de la derivación inversa desde el triaje de los servicios de urgencias hospitalarios},
  journal = {Emergencias: Revista de la Sociedad Española de Medicina de Urgencias y Emergencias},
  volume  = {34},
  number  = {3},
  pages   = {165-173},
  year    = {2022}
}